% This file was created with JabRef 2.7b.
% Encoding: UTF-8

@INPROCEEDINGS{AC06,
  author = {Nir Ailon and Bernard Chazelle},
  title = {{Approximate Nearest Neighbors and the Fast Johnson-Lindenstrauss
	Transform}},
  booktitle = {ACM Symposium on Theory of Computing (STOC 2006)},
  year = {2006}
}

@INPROCEEDINGS{AL08,
  author = {Nir Ailon and Edo Liberty},
  title = {{Fast Dimension Reduction Using Rademacher Series on Dual BCH Codes}},
  booktitle = {ACM-SIAM Symposium on Discrete Algorithms (SODA 2008)},
  year = {2008}
}

@ARTICLE{AMT10,
  author = {Avron, H. and Maymounkov, P. and Toledo, S.},
  title = {{Blendenpik: Supercharging LAPACK's least-squares solver}},
  journal = {SIAM J. Sci. Comput.},
  year = {2010},
  volume = {32},
  pages = {1217--1236},
  number = {3},
  issn = {1064-8275}
}

@PHDTHESIS{Bou11a,
  author = {Christos Boutsidis},
  title = {{Topics in Matrix Sampling Algorithms}},
  school = {Rensselaer Polytechnic Institute},
  year = {2011},
  month = {May}
}

@UNPUBLISHED{BDM12,
  author = {Christos Boutsidis and Petros Drineas and Malik Magdon-Ismail},
  title = {{Rich Coresets for Unconstrained Linear Regression}},
  note = {Arxiv preprint arXiv:1202.3505},
  month = {February},
  year = {2012}
}

@UNPUBLISHED{BDM11a,
  author = {Christos Boutsidis and Petros Drineas and Malik Magdon-Ismail},
  title = {{Near Optimal Column Based Matrix Reconstruction}},
  note = {Arxiv preprint arXiv:1103.0995},
  month = {March},
  year = {2011}
}

@INPROCEEDINGS{BMD09a,
  author = {Christos Boutsidis and Michael W. Mahoney and Petros Drineas},
  title = {{An Improved Approximation Algorithm for the Column Subset Selection
	Problem}},
  booktitle = {Proceedings of the Nineteenth Annual ACM-SIAM Symposium on Discrete
	Algorithms (SODA 2009)},
  year = {2009},
  pages = {968--977}
}

@PHDTHESIS{Dri02,
  author = {Petros Drineas},
  title = {{Randomized Algorithms for Matrix Operations}},
  school = {Yale University},
  year = {2002}
}

@ARTICLE{DMMS11,
  author = {Petros Drineas and Michael W. Mahoney and S. Muthukrishnan and T{\'a}mas
	Sarl{\'o}s},
  title = {{Faster Least Squares Approximation}},
  journal = {Numerische Mathematik},
  year = {2011},
  volume = {117},
  pages = {217--249},
  number = {2}
}

@UNPUBLISHED{TailBounds,
  author = {Alex Gittens and Joel Tropp},
  title = {{Tail bounds for all eigenvalues of a sum of random matrices}},
  note = {Arxiv preprint arXiv:1104.4513},
  month = {April},
  year = {2011}
}

@UNPUBLISHED{GN10,
  author = {David Gross and Vincent Nesme},
  title = {{Note on sampling without replacing from a finite collection of matrices}},
  note = {Arxiv preprint arXiv:1001.2738},
  month = {January},
  year = {2010}
}

@ARTICLE{HMT,
  author = {Nathan Halko and Per-Gunnar Martinsson and Joel A. Tropp},
  title = {{Finding Structure with Randomness: Probabilistic Algorithms for
	Constructing Approximate Matrix Decompositions}},
  journal = {SIAM Rev.},
  year = {2011},
  volume = {53},
  pages = {217--288},
  number = {2}
}

@UNPUBLISHED{Har06,
  author = {Sariel Har-Peled},
  title = {{Low rank matrix approximation in linear time}},
  note = {Manuscript},
  year = {2006}
}

@ARTICLE{Hoe63,
  author = {Wassily Hoeffding},
  title = {Probability inequalities for sums of bounded random variables},
  journal = {J. Amer. Statist. Assoc.},
  year = {1963},
  volume = {58},
  pages = {13--30}
}

@UNPUBLISHED{IW12,
  author = {Ilse Ipsen and Thomas Wentworth},
  title = {{The Effect of Coherence on Sampling from Matrices with Orthonormal
	Columns, and Preconditioned Least Squares Problems}},
  note = {Arxiv preprint arXiv:1203.4809},
  month = {March},
  year = {2012}
}

@BOOK{LT91,
  title = {{Probability in Banach Spaces: Isoperimetry and Processes}},
  publisher = {Springer},
  year = {1991},
  author = {Michel Ledoux and Michel Talagrand}
}

@ARTICLE{LWMRT07,
  author = {Edo Liberty and Franco Woolfe and Per-Gunnar Martinsson and Vladimir
	Rokhlin and Mark Tygert},
  title = {Randomized algorithms for the low-rank approximation of matrices},
  journal = {Proc. Natl. Acad. Sci. USA},
  year = {2007},
  volume = {104},
  pages = {20167--20172},
  number = {51}
}

@INPROCEEDINGS{Zou10,
  author = {Avner Magen and Anastasios Zouzias},
  title = {{Low Rank Matrix-valued Chernoff Bounds and Approximate Matrix Multiplication}},
  booktitle = {Proceedings of the 22nd Annual ACM-SIAM Symposium on Discrete Algorithms
	(SODA 2011)},
  year = {2011}
}

@ARTICLE{MRT10,
  author = {Per-Gunnar Martinsson and Vladimir Rokhlin and Mark Tygert},
  title = {{A randomized algorithm for the decomposition of matrices}},
  journal = {Appl. Comput. Harmon. Anal.},
  year = {2010},
  volume = {30},
  pages = {47--68},
  issn = {1063-5203},
  publisher = {Elsevier}
}

@INPROCEEDINGS{NDT09,
  author = {Nam H. Nguyen and Thong T. Do and Trac D. Tran},
  title = {A fast and efficient algorithm for low-rank approximation of a matrix},
  booktitle = {Proceedings of the 41st annual ACM Symposium on Theory of Computing
	(STOC 2009)},
  year = {2009},
  pages = {215--224}
}

@ARTICLE{PS82,
  author = {Christopher C. Paige and Michael A. Saunders},
  title = {{LSQR: An Algorithm for Sparse Linear Equations and Sparse Least
	Squares}},
  journal = {ACM Transactions on Mathematical Software (TOMS)},
  year = {1982},
  volume = {8},
  pages = {43--71},
  number = {1},
  publisher = {ACM}
}

@ARTICLE{RST09,
  author = {Vladimir Rokhlin and Arthur Szlam and Mark Tygert},
  title = {{A randomized algorithm for principal component analysis}},
  journal = {SIAM J. Matrix Anal. Appl.},
  year = {2009},
  volume = {31},
  pages = {1100--1124},
  number = {3}
}

@ARTICLE{RT08,
  author = {Vladimir Rokhlin and Mark Tygert},
  title = {{A fast randomized algorithm for overdetermined linear least-squares
	regression}},
  journal = {Proc. Natl. Acad. Sci. USA},
  year = {2008},
  volume = {105},
  pages = {13212--13217},
  number = {36},
  publisher = {National Acad Sciences}
}

@INPROCEEDINGS{Sar06,
  author = {Tam{\'a}s Sarl{\'o}s},
  title = {{Improved Approximation Algorithms for Large Matrices via Random
	Projections}},
  booktitle = {IEEE Symposium on Foundations of Computer Science (FOCS 2006)},
  year = {2006}
}

@ARTICLE{Tro11,
  author = {Joel A. Tropp},
  title = {{Improved analysis of the subsampled randomized Hadamard transform}},
  journal = {Adv. Adapt. Data Anal., special issue, ``Sparse Representation of
	Data and Images''},
  year = {2011},
  volume = {3},
  pages = {115--126}
}

@ARTICLE{Tropp-user-friendly,
  author = {Joel A. Tropp},
  title = {{User-friendly tail bounds for sums of random matrices}},
  journal = {Found. Comput. Math.},
  year = {2011},
  pages = {1--46},
  note = {doi 10.1007/s10208-011-9099-z}
}

@TECHREPORT{WLRT07,
  author = {Franco Woolfe and Edo Liberty and Vladimir Rokhlin and Mark Tygert},
  title = {A fast randomized algorithm for the approximation of matrices, preliminary
	report},
  institution = {Yale University},
  year = {2006},
  type = {Technical Report},
  number = {1380},
  address = {Department of Computer Science},
  month = {April}
}

